@ARTICLE{JISA2010,
  author = {Zhang, Q. and Cheng, L. and Boutaba, R.},
  title = {Cloud computing: state-of-the-art and research challenges},
  journal = {Journal of Internet Services and Applications (JISA)},
  year = {2010},
  volume = {1},
  pages = {7-18},
  eid = {Springer-Verlag},
  doi = {10.1007/s13174-010-0007-6},
  owner = {vitorlima},
  timestamp = {2014.03.18}
}


@ARTICLE{JISA2011,
  author = {Blair, G.  and Kon, F. and Cirne, W. and Milojicic, D. and Ramakrishnan, R. and Reed, D. and Silva, D.},
  title = {Perspectives on cloud computing: interviews with five leading scientists from the cloud community},
  journal = {Journal of Internet Services and Applications (JISA)},
  year = {2011},
  volume = {2},
  pages = {3-9},
  eid = {Springer-Verlag},
  doi = {10.1007/s13174-011-0023-1},
  owner = {vitorlima},
  timestamp = {2014.03.25}
}

@ARTICLE {jones,
    author  = "Jones, Tim",
    title   = "Ceph: A Linux petabyte-scale distributed file system Exploring the Ceph file system and ecosystem",
    journal = "IBM: developer Works",
    year    = "2010",
    month   = "jun"
}


@ARTICLE {pedrosa,
    author  = "Pedrosa, Paulo H. C. and Nogueira, Thiago",
    title   = "Computação em Nuvem",
    journal = "Unicamp",
    year    = "2011",
    month   = "jun"
}


@ARTICLE{willke2009,
  author = {Willke, T.L. and Tientrakool, P. and Maxemchuk, N.F.},
  title = {A survey of inter-vehicle communication protocols and their applications},
  journal = {Communications Surveys Tutorials, IEEE},
  year = {2009},
  volume = {11},
  pages = {3 -20},
  number = {2},
  month = {quarter },
  doi = {10.1109/SURV.2009.090202},
  issn = {1553-877X},
}


@book{Jain,
  author    = "Raj Jain",
  title     = "The Art of Computer Systems Performance Analysis: Techniques for Experimental Design, Measurement, Simulation and Modelling",
  year      = "1992",
  publisher = "Wiley",
  edition   = "1st",
  pages     = "3 - 43",
  isbn      = "978-0-471-50336-1"
}

@book{taurion,
  author    = "Taurion Cezar",
  title     = "Cloud Computing: Computação em Nuvem: Transformando o mundo da tecnologia da informação",
  publisher = "Brasport",
  year      = "2009",
  edition   = "1st",
  pages     = "34 - 38",
  isbn      = "978-85-7452-423-8"
}


@ONLINE{PabloHess,
author = {Hess, Pablo},
title = {Virt-manager: virtualização fácil, flexível e 100 \% livre},
month = may,
year = {2011},
url = {https://www.ibm.com/developerworks/community/blogs/752a690f-8e93-4948-b7a3-c060117e8665/entry/manager_virtualizacao_facil?lang=en},
note = "Acessado em 01 de junho de 2014"
}


@ARTICLE {mapreduce,
    author  = "Jeffrey, Dean and Sanjay, Ghemawat",
    title   = "MapReduce: Simpliﬁed Data Processing on Large Clusters",
    journal = "Operating System Design and Implementation (OSDI)",
    year    = "2004",
    pages   = "1, 2, 3",
    month   = "December",
    url     = {http://static.googleusercontent.com/media/research.google.com/pt-BR/archive/mapreduce-osdi04.pdf},
    note    = "Acessado em 17 de abril de 2014"
}

@ARTICLE {hadoop,
    author  = "Andrade, Tiago",
    title   = "MapReduce - Conceitos e Aplicações",
    journal = "Unicamp",
    year    = "2012",
    month   = "November",
    url     = {http://www.ic.unicamp.br/~cortes/mo601/trabalho_mo601/tiago_cruz_map_reduce/relatorio.pdf},
    note    = "Acessado em 20 de abril de 2014"
}


@ONLINE{KVM2,
author = {Leit{\~a}o, Breno and Scarapicchia, Pedro and Cruz, Erlon and Chowdhury, Pratip},
title = {Virtualização com KVM no Linux},
month = december,
year = {2011},
url = {http://www.ibm.com/developerworks/br/local/linux/instalandokvmnolinux/index.html},
note = "Acessado em 05 de junho de 2014"
}



@ONLINE{nginx,
author = {Alexeev, Andrew},
title = {The Architecture of Open Source Applications: Volume II: Structure, Scale and Few More Fearless Hacks},
month = june,
year = {2011},
url = {http://www.aosabook.org/en/nginx.html},
note = "Acessado em 24 de junho de 2014"
}


@ONLINE{libvirt,
author = {RedHat, Emerging Tecnology Projec},
title = {The virtualization API},
month = may,
year = {2014},
url = {http://libvirt.org/},
note = "Acessado em 10 de junho de 2014"
}

@ONLINE{MUHAMMAD,
author = {Hameed, Muhammad},
title = {Cloud Computing: Acronyms (IaaS, PaaS and SaaS) },
month = march,
year = {2012},
url = {http://mahameeditpro.blogspot.com.br/2012/03/saas-software-as-service-essentially.html},
note = "Acessado em 03 de junho de 2014"
}


@ONLINE{kvm,
author = {RedHat, Emerging Tecnology Project},
title = {Kernel Based Virtual Machine},
month = may,
year = {2014},
url = {http://www.linux-kvm.org/page/Main_Page},
note = "Acessado em 10 de junho de 2014"
}

@article{ERCEMAPI2009,
author = {Sousa, R and Moreira, L and Machado, J},
file = {:home/vitor/Desktop/mc7.pdf:pdf},
journal = {ERCEMAPI (Escola Regional de Computa\c{c}\~{a}o dos Estados do Cear\'{a}, Maranh\~{a}o e Piau\'{\i})},
title = {{Computa\c{c}\~{a}o em Nuvem: Conceitos, Tecnologias, Aplica\c{c}\~{o}es e Desafios}},
year = {2009}
}





@ARTICLE {mattos,
    author   = "Mattos, Diogo and Ferraz, Lyno and Duarte, Otto",
    title    = "Uma Arquitetura para Isolamento de Redes Virtuais Usando a Abordagem H\'{\i}brida Xen e OpenFlow",
    journal  = "Universidade Federal do Rio de Janeiro (UFRJ)",
    year     = "2014",
    month    = "apr",
    url      = {http://www.gta.ufrj.br/ftp/gta/TechReports/MFD12.pdf},
    note     = "Acessado em 23 de junho de 2014"
}

@article{Silva,
abstract = {O grande crescimento no n\'{u}mero de acessos em diversos servi\c{c}os oferecidos na Internet requer que os dados sejam armazenados de forma eficiente e escal\'{a}vel. O Cassandra, um sistema de banco de dados NoSQL baseado em chave/valor afirma garantir um armazenamento de dados distribu\'{\i}do, altamente escal\'{a}vel e eventualmente consistente. Com o seu uso, v\'{a}rias empresas otimizaram seus servi\c{c}os, pois o Cassandra se mostra bem mais r\'{a}pido que as outras solu\c{c}\~{o}es de banco de dados distribu\'{\i}dos baseados em NoSQL.},
author = {Silva, Tiago Pasqualini Da},
file = {:home/vitor/Desktop/Outros TCCs/Cassandra.pdf:pdf},
journal = {Dcomp.Sor.Ufscar.Br},
year     = "2012",
keywords = {NoSQL,banco de dados,cloud computing,disponibilidade,distribu\'{\i}dos,escalabilidade,sistemas},
pages = {1--4},
title = {{Cassandra - Um sistema de armazenamento NoSQL altamente escal\'{a}vel}},
url = {http://www.dcomp.sor.ufscar.br/verdi/topicosCloud/Cassandra.pdf},
note = "Acessado em 7 de maio de 2015"
}


@misc{Crockcroft2011,
author = {Crockcroft, Adrian and Sheahan, Denis},
title = {{The Netflix Tech Blog Benchmarking Cassandra Scalability on AWS - Over a million writes per second}},
url = {http://techblog.netflix.com/2011/11/benchmarking-cassandra-scalability-on.html},
urldate = {2015-05-11},
year = {2011},
note = "Acessado em 11 de maio de 2015"


}


@misc{Chandrashekar2015,
author = {Chandrashekar, Shravan and Hernandez, Xavier and Bellur, Vijay and Talur, Raghavendra and N, Ravishankar and Pai, Prashanth},
booktitle = {GitHub},
title = {{Setting up GlusterFS Server Volumes}},
url = {https://github.com/gluster/glusterfs/commits/master/doc/admin-guide/en-US/markdown/admin\_setting\_volumes.md},
urldate = {May, 20, 2015},
year = {2015},
note = "Acessado em 20 de maio de 2015"
}

@misc{Fedora,
author = {Lane, Brian C. and Lumens, Chris and Konecny, Jiri},
title = {{Kickstart Documentation}},
url = {https://github.com/rhinstaller/pykickstart/blob/master/docs/kickstart-docs.rst},
urldate = {2015-05-20},
year = {2015},
note = "Acessado em 20 de maio de 2015"
}


@misc{Mohanty2014,
author = {Mohanty, Lalatendu and Chirammal, Humble Devassy},
title = {{Introducing Gluster File System}},
url = {https://github.com/gluster/glusterfs/blob/master/doc/admin-guide/en-US/markdown/glusterfs\_introduction.md},
urldate = {May, 25, 2015},
year = {2014},
note = "Acessado em 25 de maio de 2015"
}

@misc{McCallum2005,
author = {McCallum, Q Ethan},
title = {{Pre-Patched Kickstart Installs}},
url = {http://archive.oreilly.com/pub/a/linux/2005/02/17/kickstart\_updates.html},
urldate = {june, 2, 2015},
year = {2005},
note = "Acessado em 02 de junho de 2015"
}

@misc{maritaca,
author = {ConceiÇÃo, Arlindo Flavio and Dallago, Henrique Palaver and Aliaga, Alvaro H. Mamani and S\'{a}nchez, Jimmy Valverde and Barabasz, Tiago and dos Santos, Bruno Gabriel and Sueoka, Leonardo and Mendonça, Matheus Ferreira and Kavamukai, Patricia Yukimi and Silva, Walkirya Heto},
title = {{MARITACA - Mobile Data Collector}},
url = {http://maritaca.unifesp.br/},
year = {2013},
note = "Acessado em 10 de março de 2014"
}


@article{Technology,
author = {Technology, Network and Sahoo, Jyotiprakash and Mohapatra, Subasish and Lath, Radha},
doi = {10.1109/ICCNT.2010.49},
file = {:home/vitor/Desktop/05474503.pdf:pdf},
isbn = {9780769540429},
journal = {IEEE},
keywords = {any virtualization technology are,by,hypervisor,is worth mentioning some,of the security benefits,security,that comes,threats,together with virtualization,two primary benefits offered,virtualization,vmm},
pages = {222--226},
title = {{Virtualization: A Survey On Concepts, Taxonomy And Associated Security Issues}},
year = {2010}
}


@phdthesis{Weil2007,
abstract = {As the size and performance requirements of storage systems have increased, file systemdesigners have looked to newarchitectures to facilitate systemscalability. The emerging object-based storage paradigm diverges from server-based (e. g. NFS) and SAN-based storage systems by coupling processors and memorywith disk drives, allowing systems to delegate low- level file system operations (e. g. allocation and scheduling) to object storage devices (OSDs) and decouple I/O (read/write) from metadata (file open/close) operations. Even recent object- based systems inherit a variety of decades-old architectural choices going back to early UNIX file systems, however, limiting their ability to effectively scale. This dissertation shows that device intelligence can be leveraged to provide reliable, scalable, and high-performance file service in a dynamic cluster environment. It presents a dis- tributed metadata management architecture that provides excellent performance and scalability by adapting to highly variable system workloads while tolerating arbitrary node crashes. A flexible and robust data distribution function places data objects in a large, dynamic cluster of storage devices, simplifying metadata and facilitating system scalability, while providing a uni- formdistribution of data, protection fromcorrelated device failure, and efficient data migration. This placement algorithm facilitates the creation of a reliable and scalable object storage ser- vice that distributes the complexity of consistent data replication, failure detection, and recovery across a heterogeneous cluster of semi-autonomous devices. These architectural components,which have been implemented in theCeph distributed file system, are evaluated under a variety of workloads that show superior I/O performance, scalable metadata management, and failure recovery.},
author = {Weil, Sage A},
booktitle = {Annals of Physics},
file = {:C$\backslash$:/Users/Vitor/AppData/Local/Mendeley Ltd./Mendeley Desktop/Downloaded/Weil - 2007 - Ceph Reliable, Scalable, and High-Performance Distributed Storage.pdf:pdf},
isbn = {978-0-549-31235-2},
title = {{Ceph: Reliable, Scalable, and High-Performance Distributed Storage}},
year = {2007}
}



@article{Roman2012,
author = {Roman, Ricardo},
file = {:C$\backslash$:/Users/Vitor/Desktop/00001559.pdf:pdf},
journal = {Universidade do Estado de Santa Catarina},
title = {{Sistema Escal\'{a}vel para Processamento de V\'{\i}deo}},
url = {http://www.pergamum.udesc.br/dados-bu/000000/000000000015/00001559.pdf},
year = {2012},
note = "Acessado em 23 de maio de 2015"
}





@misc{Jelastic2014,
author = {Jelastic},
title = {{HTTP Load Balancing}},
url = {http://docs.jelastic.com/http-load-balancing},
urldate = {2015-06-11},
year = {2014},
note = "Acessado em 11 de junho de 2015"

}


@article{Silva2014,
author = {Silva, Alisson Ramos and Santos, Tarc\'{\i}sio da Cruz and Alves, Welson},
journal = {Revista Tecnologias em Proje\c{c}\~{a}o},
month = jun,
pages = {1--2},
title = {{Computa\c{c}\~{a}o em nuvem no mercado brasileiro}},
year = {2014}
}

@misc{AmazonWebServices2015,
author = {{Amazon Web Services}},
title = {{Sucesso do cliente. Capacitada pela nuvem da AWS}},
url = {http://aws.amazon.com/pt/solutions/case-studies/},
urldate = {2015/06/11},
year = {2015},
note = "Acessado em 11 de junho de 2015"
}

@misc{DenisSheahan2012,
author = {{Denis Sheahan}},
booktitle = {GitHub},
title = {{Apache Jmeter Cassandra Plugin}},
url = {https://github.com/Netflix/CassJMeter/wiki},
urldate = {2015/05/13},
year = {2012},
note = "Acessado em 13 de maio de 2015"
}

@article{De2013,
author = {Vincenzi, Auri Marcelo Rizzo and Rodrigues, C\'{a}ssio Leonardo and Junior, Celso Gon\c{c}alves Camilo and Barbosa, Jacson Rodrigues and de Ara\'{u}jo, Adailton Ferreira and Martins, Andressa and Soares, Guilherme Sampaio and Louzada, Jailton Alkimin and Prudente, Malba Jacob and Rodrigues, Paulo Marcos Soares and Pessoni, Vinicius Vieira},
file = {:home/vitor/Desktop/Outros TCCs/Manual\_JMeter.pdf:pdf},
journal = {Universidade Federal de Goi\'{a}s},
title = {{Manual de Utiliza\c{c}\~{a}o da Ferramenta JMeter}},
year = {2013}
}


@misc{HAProxy2009,
author = {HAProxy},
title = {{The Reliable, High Performance TCP/HTTP Load Balancer}},
url = {http://www.haproxy.org/10g.html},
urldate = {01 de junho de 2015},
year = {2009},
note = "Acessado em 01 de junho de 2015"
}

@article{Carlos2011,
annote = {Acessado em 01 de julho de 2015},
author = {Carlos, Otto and Bandeira, Muniz},
file = {:home/vitor/Desktop/MFD12.pdf:pdf},
journal = {Universidade Federal do Rio de Janeiro (UFRJ)},
pages = {1--2},
title = {{Uma Arquitetura para Isolamento de Redes Virtuais Usando a Abordagem H\'{\i}brida Xen e OpenFlow}},
url = {http://www.gta.ufrj.br/ftp/gta/TechReports/MFD12.pdf},
year = {2011}
}

@article{SGI2011i,
author = {SGI},
file = {:D$\backslash$:/node.pdf:pdf},
journal = {System},
pages = {19},
title = {{System User ' s Guide - SGI Rackable C2112-4G10}},
volume = {1},
year = {2011}
}


@article{SGI2011,
author = {SGI},
file = {:D$\backslash$:/headnode.pdf:pdf},
journal = {System},
pages = {21},
title = {{System User ' s Guide - Rackable C2108-G9}},
volume = {1},
year = {2011}
}


@article{Alhamad2010,
abstract = {Cloud computing has been a hot topic in the research community since 2007. In cloud computing, the online services are conducted to be pay-as-you-use. Service customers need not be in a long term contract with service providers. Service level agreements (SLAs) are agreements signed between a service provider and another party such as a service consumer, broker agent, or monitoring agent. Because cloud computing is a recent technology providing many services for critical business applications, reliable and flexible mechanisms to manage online contracts are very important. This paper presents the main criteria which should be considered at the stage of designing the SLA in cloud computing. Also, we investigate the negotiation strategies between cloud provider and cloud consumer and propose our method to maintain the trust and reliability between each of the parties involved in the negotiation process.},
author = {Alhamad, Mohammed and Dillon, Tharam and Chang, Elizabeth},
doi = {10.1109/DEST.2010.5610586},
file = {:home/vitor/Desktop/05610586.pdf:pdf},
isbn = {9781424455539},
issn = {2150-4938},
journal = {4th IEEE International Conference on Digital Ecosystems and Technologies - Conference Proceedings of IEEE-DEST 2010, DEST 2010},
keywords = {Cloud computing,Negotiation,SLA,Trust management},
pages = {606--610},
title = {{Conceptual SLA framework for cloud computing}},
year = {2010}
}


